% Encoding: UTF-8

@Article{Floater:2003,
  author =     {Floater, Michael S.},
  title =      {Mean Value Coordinates},
  journal =    {Comput. Aided Geom. Des.},
  year =       {2003},
  volume =     {20},
  number =     {1},
  pages =      {19--27},
  month =      mar,
  acmid =      {775496},
  address =    {Amsterdam, The Netherlands, The Netherlands},
  doi =        {10.1016/S0167-8396(02)00002-5},
  issn =       {0167-8396},
  issue_date = {March 2003},
  keywords =   {barycentric coordinates, harmonic function, mean value theorem, morphing, parameterization},
  numpages =   {9},
  publisher =  {Elsevier Science Publishers B. V.},
  url =        {http://dx.doi.org/10.1016/S0167-8396(02)00002-5}
}

@Article{Lieng:2016,
  author =   {Lieng, Henrik and Kosinka, Jiří and Shen, Jingjing and Dodgson, Neil A.},
  title =    {A Colour Interpolation Scheme for Topologically Unrestricted Gradient Meshes},
  journal =  {Computer Graphics Forum},
  year =     {2016},
  pages =    {n/a--n/a},
  doi =      {10.1111/cgf.12862},
  issn =     {1467-8659},
  keywords = {gradient mesh, colour interpolation, subdivision surface, I.3.3 [Computer Graphics]: Picture/Image Generation—Generation, Graphics Utilities},
  url =      {http://dx.doi.org/10.1111/cgf.12862}
}

@Article{Lopez-Moreno:2013,
  author =     {Lopez-Moreno, Jorge and Popov, Stefan and Bousseau, Adrien and Agrawala, Maneesh and Drettakis, George},
  title =      {Depicting Stylized Materials with Vector Shade Trees},
  journal =    {ACM Trans. Graph.},
  year =       {2013},
  volume =     {32},
  number =     {4},
  pages =      {118:1--118:10},
  month =      jul,
  acmid =      {2461972},
  address =    {New York, NY, USA},
  articleno =  {118},
  doi =        {10.1145/2461912.2461972},
  issn =       {0730-0301},
  issue_date = {July 2013},
  keywords =   {artistic guidelines, gradient mesh, material depiction, shade trees, vector graphics},
  numpages =   {10},
  publisher =  {ACM},
  url =        {http://doi.acm.org/10.1145/2461912.2461972}
}

@Article{Orzan:2008,
  author =     {Orzan, Alexandrina and Bousseau, Adrien and Winnem\"{o}ller, Holger and Barla, Pascal and Thollot, Jo\"{e}lle and Salesin, David},
  title =      {Diffusion Curves: A Vector Representation for Smooth-shaded Images},
  journal =    {ACM Trans. Graph.},
  year =       {2008},
  volume =     {27},
  number =     {3},
  pages =      {92:1--92:8},
  month =      aug,
  acmid =      {1360691},
  address =    {New York, NY, USA},
  articleno =  {92},
  doi =        {10.1145/1360612.1360691},
  issn =       {0730-0301},
  issue_date = {August 2008},
  keywords =   {color diffusion, gradient mesh, image creation, image reconstruction, vector graphics, vectorization},
  numpages =   {8},
  publisher =  {ACM},
  url =        {http://doi.acm.org/10.1145/1360612.1360691}
}

@Article{Vergne:2012,
 author = {R. Vergne, P. Barla, R. W. Fleming, and X. Granier},
 title = {Surface Flows for Image-based Shading Design},
 journal = {ACM Trans. Graph.},
 issue_date = {2012},
 volume = {31},
 number = {4},
 month = jul,
 year = {2012},
 issn = {0730-0301},
 pages = {94:1--94:9},
 articleno = {94},
 numpages = {9},
 url = {http://doi.acm.org/10.1145/2185520.2185590},
 doi = {10.1145/2185520.2185590},
 acmid = {2185590},
 publisher = {ACM},
 address = {New York, NY, USA},
 keywords = {differential analysis, image deformation, shading}
} 

@Article{Shao:2012,
 author = {C. Shao, A. Bousseau, A. Sheffer, and K. Singh},
 title = {CrossShade: Shading Concept Sketches Using Cross-section Curves},
 journal = {ACM Trans. Graph.},
 issue_date = {July 2012},
 volume = {31},
 number = {4},
 month = jul,
 year = {2012},
 issn = {0730-0301},
 pages = {45:1--45:11},
 articleno = {45},
 numpages = {11},
 url = {http://doi.acm.org/10.1145/2185520.2185541},
 doi = {10.1145/2185520.2185541},
 acmid = {2185541},
 publisher = {ACM},
 address = {New York, NY, USA},
 keywords = {cross-sections, non-photorealistic rendering, product design, sketch-based modeling, sketching},
} 
